@article{sample2023,
  title   = {A Sample Article},
  author  = {Doe, John},
  journal = {Journal of Examples},
  year    = {2023}
}